@article{article,
author = {Gustavson, Stefan},
year = {2005},
month = {01},
pages = {},
title = {Simplex noise demystified}
}
@BOOK {robertnystrom2014,
    author    = "Robert Nystrom",
    title     = "Game Programming Patterns",
    publisher = "Genever Benning",
    year      = "2014"
}
@ONLINE {amitpatel2015,
    author = "Amit Patel",
    title  = "Making maps with noise functions",
    month  = "jul",
    year   = "2015",
    url    = "https://www.redblobgames.com/maps/terrain-from-noise/"
}
@ONLINE {danielchappuisetal2020,
    author = "Daniel Chappuis et al.",
    title  = "Documentació de ReactPhysics3D",
    year   = "2020",
    url    = "https://www.reactphysics3d.com/usermanual.html"
}
@ONLINE {nielslohmannetal.2020,
    author = "Niels Lohmann et al.",
    title  = "Documentació de nlohmann/json",
    year   = "2020",
    url    = "https://nlohmann.github.io/json/"
}
@ONLINE {michelecaini2020,
    author = "Michele Caini",
    title  = "Documentació de EnTT",
    year   = "2020",
    url    = "https://github.com/skypjack/entt/wiki"
}
@ONLINE {rkm,
    title = "Runge-Kutta methods",
    url   = "https://en.wikipedia.org/wiki/Runge%E2%80%93Kutta_methods"
}
@ONLINE {om,
    title = "Orbital Mechanics",
    url   = "https://en.wikipedia.org/wiki/Orbital_mechanics"
}
@ONLINE {cppref,
    title = "Cppreference",
    url   = "https://en.cppreference.com/w/"
}
